@online{MongoSQL,
	author = "Ashish Trivedi",
	title = {Mapping Relational Databases and SQL to MongoDB},
	url = {https://code.tutsplus.com/articles/mapping-relational-databases-and-sql-to-mongodb--net-35650},
	year = 2014,
	month = 02,
	day = 06,
	urldate = {2017-02-23}
}

@online{normalizedvsdenormalized,
	author = "Michael David Cobb Bowen",
	title = {What is normalized vs. denormalized data?},
	url = {https://www.quora.com/What-is-normalized-vs-denormalized-data},
	year = 2017,
	month = 01,
	day = 30,
	urldate = {2017-02-23}
}

@online{SQLvsNOSQL,
	author = "Craig Buckler",
	title = {SQL vs NoSQL: The Differences},
	url = {https://www.sitepoint.com/sql-vs-nosql-differences/},
	year = 2015,
	month = 09,
	day = 18,
	urldate = {2017-02-23}
}

@online{Struct,
	author = "Struct A/S",
	title = {Struct A/S},
	url = {http://struct.dk//},
	year = 2017,
	month = 05,
	day = 03,
	urldate = {2017-05-03}
}

@online{BigCommerce,
	author = "Sanjay Arora",
	title = {How to Use Personalized Product Recommendations to Increase Average Order Value},
	url = {https://www.bigcommerce.com/blog/personalized-product-recommendations/},
	year = 2017,
	month = 05,
	day = 03,
	urldate = {2017-05-03}
}

@online{Fortune,
	author = "JP Mangalindan",
	title = {Amazonâ€™s recommendation secret},
	url = {http://fortune.com/2012/07/30/amazons-recommendation-secret/},
	year = 2012,
	month = 07,
	day = 30,
	urldate = {2017-05-03}
}

@online{NetCore,
	author = "Phillip Carter Vidya Vrat Agarwal Scott Addie Chandan Rai and Maira Wenzel",
	title = {Choosing between .NET Core and .NET Framework for server apps},
	url = {https://docs.microsoft.com/en-us/dotnet/articles/standard/choosing-core-framework-server},
	year = 2016,
	month = 11,
	day = 16,
	urldate = {2017-05-10}
}