@book{cleancode,
	author = {Robert C Martin and Michael C. Feathers and Timothy R. Ottinger and Jeffrey J. Langr and Brett L. Schuchert and James W. Grenning and Kevin Dean Wampler and {Object Mentor Inc.}},
	title = {Clean Code},
	publisher = {Pearson Education, Inc.},
	year = {2009}
}
@book{CODA,
	author = {Piram Manickam and S. Sangeetha and S. V. Subrahmanya},
	title = {Component-Oriented Development and Assembly},
	publisher = {CRC Press},
	year = {2014}
}

@book{softwarearchitecture,
	author = {Oliver Vogel and Ingo Arnold and Arif Chughtai and Timo Kehrer},
	title = {Software Architecture},
	publisher = {Springer},
	year = {2009}
}

@book{softwarecomponents,
	author = {Oliver Vogel and Ingo Arnold and Arif Chughtai and Timo Kehrer},
	title = {Component-Oriented Development and Assembly: Paradigm, Principles, and Practice using Java.},
	publisher = {Infosys Press. Taylor \& Francis},
	year = {2010}
}

@misc{DesignPatternsDoFactory,
	author = {dofactory},
	title = {.NET Design Patterns},
	howpublished = "\url{http://www.dofactory.com/net/design-patterns}"
}

@online{SOLIDWiki,
	author = "Wikipedia",
	title = {SOLID (object-oriented design)},
	url = {https://en.wikipedia.org/wiki/SOLID_\%28object-oriented_design\%29},
	year = 2016,
	month = 05,
	day = 16,
	urldate = {2016-05-30}
}

@online{Satire,
	author = "Wikipedia",
	title = "Satire",
	url = {https://en.wikipedia.org/wiki/Satire},
	year = 2016,
	month = 05,
	day = 16,
	urldate = {2016-05-25}
}


@ONLINE{libGDX,
	author = "Badlogic{\ }Games",
	title = "libGDX features",
	year = "2013",
	url = "https://libgdx.badlogicgames.com/features.html",
	note = "[Online]. Available: "	
}

@ONLINE{UpdateServices,
	author = "NetBeans",
	title = "Auto update services",
	month = "March 10",
	year = "2014",
	url = "http://bits.netbeans.org/8.0/javadoc/org-netbeans-modules-autoupdate-services/overview-summary.html",
	note = "[Online]. Available: "	
}

@online{apache-maven,
  author = {The{\ }Apache{\ }Software{\ }Foundation},
  title = {Welcome to Apache Maven},
  year = "2016",
  month = "05",
  day = "26",
  url = {https://maven.apache.org/},
  urldate = {2016-05-30}
}

@online{Lester,
	author = "Patrick Lester",
	title = {Heuristics and A* Pathfinding},
	url = {http://www.policyalmanac.org/games/heuristics.htm},
	year = 2004,
	month = 04,
	day = 21,
	urldate = {2016-05-30}
}

@online{PriorityQueue,
	author = "Oracle",
	title = {PriorityQueue},
	url = {https://docs.oracle.com/javase/8/docs/api/java/util/PriorityQueue.html},
	year = 2016,
	urldate = {2016-05-30}
}

@online{Amit,
	author = "Amit Patel",
	title = {A*'s use of the Heuristic},
	url = {http://theory.stanford.edu/~amitp/GameProgramming/Heuristics.html\#S7},
	year = 2016,
	urldate = {2016-05-13}
}

@online{Codebytes,
	author = "Jatin Thakur",
	title = "A* Shortest Path Finding Algorithm Implementation in Java",
	year = 2015,
	month = 02,
	day = 08,
	url = {http://www.codebytes.in/2015/02/a-shortest-path-finding-algorithm.html},
	urldate = {2016-05-23}
}


@online{Politikken,
	author = "Kenneth Lund",
	title = {Komikere: Samfundssatire har trange k√•r},
	url = {http://politiken.dk/debat/ECE2514268/komikere-samfundssatire-har-trange-kaar/},
	year = 2015,
	month = 01,
	day = 16,
	urldate = {2016-05-25}
}

@online{springoverview,
	author = "Tutoralspoint",
	title = {Spring Framework - Overview},
	url = {http://www.tutorialspoint.com/spring/spring_overview.htm},
	urldate = {2016-05-15},
	year = 2016
}

@online{beandef,
	author = "Tutoralspoint",
	title = {Spring - Bean Definition},
	url = {http://www.tutorialspoint.com/spring/spring_bean_definition.htm},
	year = 2016,
	urldate = {2016-05-25}
}

@online{beanscope,
	author = "Putoralspoint",
	title = "Spring - Bean Scopes",
	url = {http://www.tutorialspoint.com/spring/spring_bean_scopes.htm},
	year = 2016,
	urldate = {2016-05-25}
}

@online{onetbs,
	author = {Wikipedia},
	title = {{Intendation styles - 1TBS}},
	url = {https://en.wikipedia.org/wiki/Indent_style\#Variant:_1TBS},
	year = {2016}, 
	urldate = {2016-05-26},
	month = may,
	day = 21
}

@online{systemTest,
	author = {softwaretestingclass},
	title = {{System Testing: What? Why? \& How?	}},
	url = {http://www.softwaretestingclass.com/system-testing-what-why-how/},
	year = {2012}, 
	urldate = {2016-05-30},
	month = October,
	day = 1
}

@online{ieee,
	author = {D. Graffox},
	title = {IEEE Citation Reference},
	url = {http://www.ieee.org/documents/ieeecitationref.pdf},
	year = {2009}, 
	urldate = {2016-05-30},
	month = September
}

@online{sikulix,
	author = {Raimund Hocke},
	title = {SikuliX},
	url = {https://launchpad.net/sikuli/sikulix/1.1.0},
	year = {2015},
	month = {10},
	year = {06},
	urldate = {2016-05-30}
}