@online{MongoSQL,
	author = "Ashish Trivedi",
	title = {Mapping Relational Databases and SQL to MongoDB},
	url = {https://code.tutsplus.com/articles/mapping-relational-databases-and-sql-to-mongodb--net-35650},
	year = 2014,
	month = 02,
	day = 06,
	urldate = {2017-02-23}
}

@online{normalizedvsdenormalized,
	author = "Michael David Cobb Bowen",
	title = {What is normalized vs. denormalized data?},
	url = {https://www.quora.com/What-is-normalized-vs-denormalized-data},
	year = 2017,
	month = 01,
	day = 30,
	urldate = {2017-02-23}
}

@online{SQLvsNOSQL,
	author = "Craig Buckler",
	title = {SQL vs NoSQL: The Differences},
	url = {https://www.sitepoint.com/sql-vs-nosql-differences/},
	year = 2015,
	month = 09,
	day = 18,
	urldate = {2017-02-23}
}

@online{Struct,
	author = "Struct A/S",
	title = {Struct A/S},
	url = {http://struct.dk//},
	year = 2017,
	month = 05,
	day = 03,
	urldate = {2017-05-03}
}

@online{BigCommerce,
	author = "Sanjay Arora",
	title = {How to Use Personalized Product Recommendations to Increase Average Order Value},
	url = {https://www.bigcommerce.com/blog/personalized-product-recommendations/},
	year = 2017,
	month = 05,
	day = 03,
	urldate = {2017-05-03}
}

@online{Fortune,
	author = "JP Mangalindan",
	title = {Amazon’s recommendation secret},
	url = {http://fortune.com/2012/07/30/amazons-recommendation-secret/},
	year = 2012,
	month = 07,
	day = 30,
	urldate = {2017-05-03}
}

@online{DBRankings,
	author = "Solid IT",
	title = {DB-Engines Ranking},
	url = {https://db-engines.com/en/ranking},
	year = 2017,
	month = 05,
	day = 01,
	urldate = {2017-05-07}
}


@online{AmazonRecommendations,
	author = "Greg Linden Brent Smith and Jeremy York",
	title = {Amazon.com Recommendations: Item-to-Item collaborative filtering},
	url = {https://www.cs.umd.edu/~samir/498/Amazon-Recommendations.pdf},
	year = 2003,
	month = 02,
	day = 01,
	urldate = {2017-05-08}
}

@online{EC2,
	author = "Amazon",
	title = {Getting Started with Amazon EC2 Linux Instances},
	url = {http://docs.aws.amazon.com/AWSEC2/latest/UserGuide/EC2_GetStarted.html},
	year = 2017,
	month = 05,
	day = 08,
	urldate = {2017-05-08}
}

@online{eval,
	author = "Tomáš Řehořek",
	title = {Evaluating Recommender Systems: Choosing the best one for your business},
	url = {https://medium.com/recombee-blog/evaluating-recommender-systems-choosing-the-best-one-for-your-business-c688ab781a35l},
	year = 2016,
	month = 12,
	day = 18,
	urldate = {2017-05-09}
}

@online{rmseAndmae,
	author = "J J",
	title = {MAE and RMSE which metric is better?},
	url = {https://medium.com/human-in-a-machine-world/mae-and-rmse-which-metric-is-better-e60ac3bde13d},
	year = 2016,
	month = 03,
	day = 23,
	urldate = {2017-05-09}
}



